% This file was created with JabRef 2.7b.
% Encoding: UTF-8


@article{KyFan,
  title = {On a Theorem of Weyl Concerning Eigenvalues of Linear Transformations.},
  publisher = {Proceedings of the National Academy of Sciences of the United States of America},
  year = {1950},
  author = {Ky Fan}
}


@online{Adam,
  title = {Adam: A method for Stochastic Optimization},
  author = {Diederik P. Kingma and Jimmy Lei Ba},
  publisher = {OpenAI and University of Toronto},
  urldate = {2018-07-04},
  year = {2017},
  url = {https://arxiv.org/pdf/1412.6980.pdf}
}

@online{Robust,
  title = {Towards Evaluating the Robustness of Neural Networks},
  author = {Nicholas Carlini and David Wagner},
  publisher = {University of California, Berkley},
  urldate = {2018-07-04},
  year = {2017},
  url = {https://arxiv.org/pdf/1608.04644.pdf}
}


@online{Distillation,
  title = {Distillation as a Defense to Adversarial Perturbations against Deep Neural Networks},
  author = {Nicolas Papernot, Patrick McDaniel, Xi Wu, Somesh Jha and Ananthram Swami},
  publisher = {Penn State University},
  urldate = {2018-07-04},
  year = {2016},
  url = {https://arxiv.org/pdf/1511.04508.pdf}
}



@book{IntroOptimization,
  title = {Convex  Optimization},
  author = {S.  Boyd  and  L.  Vandenberghe},
  publisher = {Cambridge  University  Press},
  year = {2004}
}

@book{IntroOptimization,
  title = {An  Introduction  to  Optimization,  Fourth  Edition},
  author = {E.K.P Chong and S.H. Zak},
  publisher = {Wiley},
  year = {2013}
}



@book{PSNRConversion,
  title = {Data Compression (The Complete Reference)},
  author = {David Salomon},
  publisher = {Springer},
  isbn = {978-1-846286025}
}


@online{Denoise,
  title = {Deep inside: Autoencoders},
  author = {Nathan Hubens},
  urldate = {2018-07-04},
  url = {https://towardsdatascience.com/deep-inside-autoencoders-7e41f319999f}
}


@online{GAN,
  title = {Generative Adversarial Nets},
  author = {Ian J. Goodfellow, Jean Pouget-Abadie and Mehdi Mirza},
  publisher = {Universite Montreal},
  urldate = {2018-07-04},
  url = {https://arxiv.org/pdf/1609.08144.pdf}
}


@online{SpeechRecognition,
  title = {SPEECH RECOGNITION WITH DEEP RECURRENT NEURAL NETWORKS},
  year = {2013},
  author = {Alex Graves, Abdel-rahman Mohamed and Geoffrey Hinton},
  urldate = {2018-07-04},
  url = {https://arxiv.org/pdf/1609.08144.pdf}
}

@online{GoogleTranslation,
  title = {Google’s Neural Machine Translation System: Bridging the Gap between Human and Machine Translation},
  year = {2016},
  author = {Yonghui Wu, Mike Schuster, Zhifeng Chen, Quoc V. Le and Mohammad Norouzi},
  urldate = {2018-07-04},
  url = {https://arxiv.org/pdf/1609.08144.pdf}
}

@online{AlexNet,
  title = {ImageNet Classification with Deep Convolutional Neural Networks},
  year = {2012},
  author = {Alex Krizhevsky, Ilya Sutskever and Geoffrey E. Hinton},
  urldate = {2018-07-04},
  url = {https://papers.nips.cc/paper/4824-imagenet-classification-with-deep-convolutional-neural-networks.pdf}
}


@online{TopologyChange,
  title = {On the Robustness of Convolutional Neural Networks to Internal Architecture and Weight Perturbations},
  year = {2017},
  author = {Nicholas Cheney, Martin Schrimpf and Gabriel Kreiman},
  urldate = {2018-07-04},
  url = {https://arxiv.org/pdf/1703.08245.pdf}
}

@book{PSNRConversion,
  title = {Data Compression (The Complete Reference)},
  author = {David Salomon},
  publisher = {Springer},
  isbn = {978-1-846286025}
}

@book{YCbCrConversion,
  title = {Digital Video and HDTV Algorithms and Interfaces},
  author = {Charles Poynton},
  publisher = {Morgan Kaufmann Publishers},
  year = {2003},
  isbn = {1-55860-792-7}
}

@online{KoalaModel,
  title = {Deep Koalarization: Image Colorization using CNNs and Inception-Resnet-v2},
  year = {2017},
  author = {Federico Baldassarre, Diego Gonzalez Morin, Lucas Rodes-Guirao},
  urldate = {2018-07-04},
  publisher = {KTH Royal Institute of Technology},
  url = {https://arxiv.org/pdf/1712.03400.pdf}
}

@online{SuperModel,
  title = {Fast and Accurate Image Super Resolution by Deep CNN with Skip Connection and Network in Network},
  year = {2017},
  author = {Jin Yamanaka, Shigesumi Kuwashima and Takio Kurita},
  urldate = {2018-07-04},
  publisher = {View PLUS Inc.},
  url = {https://arxiv.org/ftp/arxiv/papers/1707/1707.05425.pdf}
}

@online{SuperModel2,
  title = {GUN: Gradual Upsampling Network for single image super-resolution},
  author = {Yang Zhao, Ronggang Wang and Weisheng Dong},
  urldate = {2018-07-04},
  publisher = {IEEE},
  url = {https://arxiv.org/pdf/1703.04244.pdf}
}


@online{MaxCut,
  title = {Improved Approximation Algorithms for Maximum Cut and Satisfiability Problems using Semidefinite Programming},
  year = {1995},
  author = {Michael X. Goemans and David P. Williamson},
  urldate = {2018-07-04},
  publisher = {IBM and MIT},
  url = {http://www-math.mit.edu/~goemans/PAPERS/maxcut-jacm.pdf}
}

@online{Tensorflow,
  title = {Tensorflow},
  urldate = {2018-07-04},
  publisher = {Google LLC},
  url = {https://www.tensorflow.org/}
}

@online{Python,
  title = {Python},
  urldate = {2018-07-04},
  publisher = {Python Software Foundation},
  url = {https://www.python.org/}
}

@BOOK{BigData,
  title = {Fundamentals of Big Data Analytics},
  publisher = {RWTH (Theoretische Informationstechnik)},
  year = {2018},
  owner = {ti},
  author = {Prof. Dr. Rudolf Mathar}
}

@online{Color,
  title = {Learning Diverse Image Colorization},
  year = {2017},
  author = {Aditya Deshpande, Jiajun Lu, Mao-Chuang Yeh, Min Jin Chong and David Forsyth},
  urldate = {2018-07-04},
  publisher = {University of Illinois at Urbana Champaign},
  url = {https://arxiv.org/pdf/1612.01958.pdf}
}


@online{SingleClassification,
  title = {One pixel attack for fooling deep neural networks},
  year = {2018},
  author = {Jiawei Su, Danilo Vasconcellos Vargas and Kouichi Sakurai},
  urldate = {2018-02-22},
  publisher = {Kyushu University},
  url = {https://arxiv.org/pdf/1710.08864.pdf}
}

@online{MultiplePixel,
  title = {The Limitations of Deep Learning in Adversarial Settings},
  year = {2015},
  author = {Nicolas Papernot, Patrick McDaniel, Somesh Jha, Matt Fredrikson, Z. Berkay Celik and Ananthram Swami},
  urldate = {2018-02-22},
  publisher = {Penn State University},
  url = {https://arxiv.org/pdf/1710.08864.pdf}
}


@online{BlackBox,
  title = {UPSET and ANGRI: Breaking High Performance Image Classifiers},
  year = {2017},
  author = {Sayantan Sarkar, Ankan Bansal, Upal Mahbub and Rama Chellappa},
  urldate = {2018-02-22},
  publisher = {Penn State University},
  url = {https://arxiv.org/pdf/1707.01159.pdf}
}

@online{BlackBox2,
  title = {Universal adversarial perturbations},
  year = {2017},
  author = {Seyed-Mohsen Moosavi-Dezfooli, Alhussein Fawzi, Omar Fawzi and Pascal Frossard},
  urldate = {2018-02-22},
  url = {https://arxiv.org/pdf/1610.08401.pdf}
}


@online{VariationalAttack,
  title = {Adversarial Images for Variational Autoencoders},
  year = {2016},
  publisher = {RECOD Lab.},
  author = {Pedro Tabacof, Julia Tavares and Eduardo Valle},
  urldate = {2018-02-22},
  url = {https://arxiv.org/pdf/1610.08401.pdf}
}


@online{AutoWords,
  title = {Autoencoder for words},
  year = {2017},
  author = {Cheng-Yuan Liou, Wei-Chen Cheng, Jiun-Wei Liou, Daw-Ran Liou},
  urldate = {2018-07-04},
  publisher = {Elsevier, Science Direct, Neurocomputing},
  url = {https://www.lsv.uni-saarland.de/fileadmin/teaching/seminars/ASR-2015/DL-Seminar/Autoencoder_for_Words.pdf}
}


@online{NeuralHadamard,
  title = {Neural Networks and Deep Learning (Chapter 2)},
  year = {2017},
  author = {Michael Nielsen},
  urldate = {2018-07-04},
  url = {http://neuralnetworksanddeeplearning.com/chap2.html}
}

@BOOK{NeuralIntro,
  title = {Artificial Neural Networks: An Introduction},
  publisher = {SPIE Press},
  year = {2005},
  author = {Kevin L. Priddy and Paul E. Keller},
  isbn = {9780819459879}
}


@online{NeuralHadamard,
  title = {Neural Networks and Deep Learning (Chapter 2)},
  year = {2017},
  author = {Michael Nielsen},
  urldate = {2018-07-04},
  url = {http://neuralnetworksanddeeplearning.com/chap2.html}
}

@online{EffBackprop,
  title = {Efficient BackProp},
  year = {1998},
  author = {Yan LeCun, Leon Bottou, Genevieve B. Orr and Klaus-Robert Müller},
  urldate = {2018-07-04},
  url = {http://yann.lecun.com/exdb/publis/pdf/lecun-98b.pdf}
}

@online{LeCun,
  title = {Reading Checks with Multilayer Graph Transformer Networks},
  year = {1997},
  author = {Yan LeCun, Leon Bottou and Yoshua Bengio},
  urldate = {2018-07-04},
  url = {http://yann.lecun.com/exdb/publis/pdf/lecun-bottou-bengio-97.pdf}
}

@online{NeuralMed,
  title = {Adversarial Attacks Against Medical Deep Learning Systems},
  publisher = {Harvard Medical School},
  year = {2018},
  author = {Samuel G. Finlayson, Hyung Won Chung, Isaac S. Kohane and Andrew L. Beam},
  urldate = {2018-07-04},
  url = {https://arxiv.org/pdf/1804.05296.pdf}
}

@book{Hoelder,
  title = {Ueber einen Mittelwertsatz},
  author = {Otto Hölder},
  year = {1889},
  publisher = {Nachrichten von der Königl. Gesellschaft der Wissenschaften und der Georg-Augusts-Universität zu Göttingen},
}


@online{NeuralRandom,
  title = {Robustness of classifiers: from adversarial to random noise},
  publisher = {Ecole Polytechnique Federale de Lausanne},
  year = {2018},
  author = {Alhussein Fawzi, Seyed-Mohsen Moosavi-Dezfooli and Pascal Frossard},
  urldate = {2018-07-04},
  url = {https://arxiv.org/pdf/1804.05296.pdf}
}

@online{ConvGit,
  title = {CS231n Convolutional Neural Networks for Visual Recognition},
  publisher = {Standford University},
  year = {2016},
  author = {Andrej Karpathy},
  urldate = {2018-07-04},
  url = {http://cs231n.github.io/convolutional-networks/}
}

@online{DeepIntro,
  title = {Introduction to Deep Learning},
  publisher = {DL4J},
  urldate = {2018-07-04},
  url = {https://deeplearning4j.org/neuralnet-overview}
}


@online{ConvIntro,
  title = {Introduction to Deep Convolutional Neural Networks},
  publisher = {DL4J},
  urldate = {2018-07-04},
  url = {https://deeplearning4j.org/convolutionalnetwork}
}

@online{ConvVisual,
  title = {Visualizing and Understanding Convolutional Networks},
  author = {Matthew D. Zeiler and Rob Fergus},
  year = {2013},
  urldate = {2018-07-04},
  url = {https://arxiv.org/pdf/1311.2901v3.pdf}
}



@online{NeuralError,
  title = {On Generation of Adversarial Examples using Convex Programming},
  publisher = {RWTH Aachen University},
  year = {2018},
  author = {Emilio Rafael Balda, Arash Behboodi, Rudolf Mathar},
  urldate = {2018-07-04},
  url = {https://arxiv.org/pdf/1803.03607.pdf}
}

@online{DeepFool,
  title = {DeepFool: a simple and accurate method to fool deep neural networks},
  publisher = {Ecole Polytechnique Federale de Lausanne},
  year = {2016},
  author = {Seyed-Mohsen Moosavi-Dezfooli, Alhussein Fawzi, Pascal Frossard},
  urldate = {2018-07-04},
  url = {https://arxiv.org/pdf/1511.04599.pdf}
}

@online{Neural,
  title = {A Quick Introduction to Neural Networks},
  publisher = {Ecole Polytechnique Federale de Lausanne},
  urldate = {2018-07-04},
  url = {https://ujjwalkarn.me/2016/08/09/quick-intro-neural-networks/}
}

@online{Activation,
  title = {Activation Function},
  publisher = {Wikipedia},
  urldate = {2018-07-04},
  url = {https://en.wikipedia.org/wiki/Activation_function}
}

@online{Goodfellow,
  title = {Explaining and Harnessing Adversarial Examples},
  publisher = {Google Inc.},
  author = {Ian J. Goodfellow, Jonathon Shlens & Christian Szegedy},
  urldate = {2018-07-04},
  url = {https://arxiv.org/pdf/1412.6572.pdf}
}


@online{GPDNN,
  title = {Adversarial Examples, Uncertainty, and Transfer Testing Robustness in Gaussian Process Hybrid Deep Networks},
  publisher = {Department of Engineering, University of Cambridge, Cambridge, Uber AI Labs, Max Planck Institute for Intelligent Systems},
  author = {John Bradshaw, Alexander de Matthews and Zoubin Ghahramani},
  urldate = {2018-07-04},
  url = {https://arxiv.org/pdf/1707.02476.pdf}
}


@online{RealWorld,
  title = {Robust Physical-World Attacks on Deep Learning Visual Classification},
  publisher = {University of Michigan, Berkley and Samsung Research America and Stony Brook University},
  author = {Kevin Eykholt, Ivan Evtimov, Earlence Fernandes and Bo Li},
  urldate = {2018-07-04},
  url = {https://arxiv.org/pdf/1707.08945.pdf}
}

@online{ControlPipeline,
  title = {CONTINUOUS CONTROL WITH DEEP REINFORCEMENT LEARNING},
  publisher = {Google Inc.},
  author = {Timothy P. Lillicrap, Jonathan J. Hunt, Alexander Pritzel, Nicolas Heess, Tom Erez, Yuval Tassa, David Silver and Daan Wierstra},
  urldate = {2018-07-04},
  url = {https://arxiv.org/pdf/1509.02971.pdf}
}


@online{VariationalAutoencoders,
  title = {Variational autoencoders},
  author = {Jeremy Jordan},
  urldate = {2018-07-04},
  url = {https://www.jeremyjordan.me/variational-autoencoders/}
}
